@article{pmbr,
  title={Practical Multicriteria Urban Bicycle Routing},
  author={Hrncir, Jan and Zilecky, Palov and Song, Qing and Jakob, Michal},
  journal={IEEE Transactions on Intelligent Transportation Systems},
  volume={PP},
  number={99},
  pages={1--12},
  year={2016},
  publisher={IEEE}
}